%! Author = joaopintosp
%! Date = 8/24/24

